<record xmlns="http://www.loc.gov/MARC21/slim" xmlns:xsi="http://www.w3.org/2001/XMLSchema-instance" xsi:schemaLocation="http://www.loc.gov/MARC21/slim http://www.loc.gov/standards/marcxml/schema/MARC21slim.xsd"><leader>01254cz   2200205n  4500</leader><controlfield tag="001">oca03898479 </controlfield><controlfield tag="005">20001104070541.0</controlfield><controlfield tag="008">950811n| acannaabn          |a aaa     c</controlfield><datafield ind1=" " ind2=" " tag="010"><subfield code="a">nr 95029635 </subfield></datafield><datafield ind1=" " ind2=" " tag="040"><subfield code="a">NNC</subfield><subfield code="b">eng</subfield><subfield code="c">NNC</subfield><subfield code="d">OCoLC</subfield></datafield><datafield ind1="1" ind2=" " tag="100"><subfield code="a">Valerius Antias, Quintus,</subfield><subfield code="d">1st cent. B.C.</subfield></datafield><datafield ind1="1" ind2=" " tag="400"><subfield code="a">Antias, Quintus Valerius,</subfield><subfield code="d">1st cent. B.C.</subfield></datafield><datafield ind1="1" ind2=" " tag="400"><subfield code="a">Antias, Valerius,</subfield><subfield code="d">1st cent. B.C.</subfield></datafield><datafield ind1="0" ind2=" " tag="400"><subfield code="a">Valerius Antias,</subfield><subfield code="d">1st cent. B.C.</subfield></datafield><datafield ind1="1" ind2=" " tag="400"><subfield code="a">Valerius Antias, Q.</subfield><subfield code="q">(Quintus),</subfield><subfield code="d">1st cent. B.C.</subfield></datafield><datafield ind1=" " ind2=" " tag="670"><subfield code="a">His Annales [CF] 1991:</subfield><subfield code="b">PHI CD ROM #5.3, Latin Canon, bibliographic screen (Valerius Antias)</subfield></datafield><datafield ind1=" " ind2=" " tag="670"><subfield code="a">Pauly-Wissowa:</subfield><subfield code="b">2. Reihe, 14. Halbbd., col. 2313-2340; "Valerius", #98(Valerius Antias; animalist; 1st cent. B.C., but virtually nothing is known of his life)</subfield></datafield><datafield ind1=" " ind2=" " tag="670"><subfield code="a">Dict. of Greek and Roman biography and mythology, 1967:</subfield><subfield code="b">v. 1, p. 186;"Antias", #2 (Q. Valerius Antias; Roman historian; contemporary of Quadrigarius, Sisenna, and Rutilius, lived in the former half of the 1st cent.B.C.)</subfield></datafield><datafield ind1=" " ind2=" " tag="670"><subfield code="a">Oxford class. dict., 1st ed.:</subfield><subfield code="b">p. 934 (Valerius Antias; Sullan annalist; wrote a history of Rome in at least 75 books, from the origins to his own time)</subfield></datafield><datafield ind1=" " ind2=" " tag="670"><subfield code="a">NUC pre-56:</subfield><subfield code="b">v. 628, p. 99 (Valerius Antias, Quintus, 1st cent. B.C.)</subfield></datafield></record>